@article{CMS:2008xjf,
    author = "Chatrchyan, S. and others",
    collaboration = "CMS",
    title = "The {CMS} experiment at the {CERN} {LHC}",
    doi = "10.1088/1748-0221/3/08/S08004",
    journal = "JINST",
    volume = "3",
    pages = "S08004",
    year = "2008"
}

@article{ATLAS:2008xda,
    author = "Aad, G. and others",
    collaboration = "ATLAS",
    title = "{The ATLAS Experiment at the CERN Large Hadron Collider}",
    doi = "10.1088/1748-0221/3/08/S08003",
    journal = "JINST",
    volume = "3",
    pages = "S08003",
    year = "2008"
}

@article{Qu_2020,
  title = {Jet tagging via particle clouds},
  author = {Qu, Huilin and Gouskos, Loukas},
  journal = {Phys. Rev. D},
  volume = {101},
  issue = {5},
  pages = {056019},
  numpages = {11},
  year = {2020},
  month = {Mar},
  publisher = {American Physical Society},
  doi = {10.1103/PhysRevD.101.056019},
  url = {https://link.aps.org/doi/10.1103/PhysRevD.101.056019}
}



@article{qu2024particletransformerjettagging,
      title={Particle Transformer for Jet Tagging}, 
      author={Qu, Huilin and Li, Congqiao and Qian, Sitian},
      year={2024},
      eprint={2202.03772},
      archivePrefix={arXiv},
      primaryClass={hep-ph},
      url={https://arxiv.org/abs/2202.03772},
      journal="{Proceedings of the 39th International Conference on Machine Learning, PMLR 162:18281-18292, 2022}"
}

@article{CMS-DP-2021-017,
      collaboration = "CMS",
      title         = "{Mass regression of highly-boosted jets using graph neural networks}",
      year          = "2021",
      url           = "{https://cds.cern.ch/record/2777006}",
      eprint        = "CMS-DP-2021-017",
}

@article{atlascollaboration2023simultaneousenergymasscalibration,
      title={Simultaneous energy and mass calibration of large-radius jets with the ATLAS detector using a deep neural network}, 
      collaboration = "ATLAS",
      year={2023},
      eprint={2311.08885},
      archivePrefix={arXiv},
      primaryClass={hep-ex},
      url={https://arxiv.org/abs/2311.08885}, 
}


@article{CMS-DP-2022-050,
      collaboration = "CMS",
      title         = "{Transformer models for heavy flavor jet identification}",
      year          = "2022",
      url           = "https://cds.cern.ch/record/2839920",
      eprint        = "CMS-DP-2022-050",
}

@article{ATL-PHYS-PUB-2023-032,
      collaboration = "ATLAS",
      title         = "{Constituent-Based Quark Gluon Tagging using Transformers with the ATLAS detector}",
      institution   = "CERN",
      reportNumber  = "ATL-PHYS-PUB-2023-032",
      address       = "Geneva",
      year          = "2023",
      url           = "https://cds.cern.ch/record/2878932",
      eprint        = "ATL-PHYS-PUB-2023-032",
}


@article{Dreyer_2018,
   title={The Lund jet plane},
   volume={2018},
   ISSN={1029-8479},
   url={https://doi.org/10.1007/JHEP12(2018)064},
   DOI={10.1007/jhep12(2018)064},
   number={12},
   pages={64},
   journal={Journal of High Energy Physics},
   publisher={Springer Science and Business Media LLC},
   author={Dreyer, Frédéric A. and Salam, Gavin P. and Soyez, Grégory},
   year={2018},
   month=dec,
}


@article{ATL-PHYS-PUB-2023-017,
      collaboration = "ATLAS",
      title         = {Tagging boosted $W$ bosons applying machine learning to the Lund Jet Plane},
      institution   = "CERN",
      reportNumber  = "ATL-PHYS-PUB-2023-017",
      address       = "Geneva",
      year          = "2023",
      url           = "https://cds.cern.ch/record/2864131",
      eprint        = "ATL-PHYS-PUB-2023-017",
}


@article{ATL-PHYS-PUB-2023-020,
      collaboration = "ATLAS",
      title         = "{Constituent-Based $W$-boson Tagging with the ATLAS Detector}",
      institution   = "CERN",
      reportNumber  = "ATL-PHYS-PUB-2023-020",
      address       = "Geneva",
      year          = "2023",
      url           = "https://cds.cern.ch/record/2866592",
      eprint        = "ATL-PHYS-PUB-2023-020",
}

@article{CMS-DP-2023-046,
      collaboration = "CMS",
      title         = "{Lund Plane Reweighting for Jet Substructure Correction}",
      year          = "2023",
      url           = "https://cds.cern.ch/record/2866330",
      eprint        = "CMS-DP-2023-046",
}


@article{CMS-DP-2022-049,
      collaboration = "CMS",
      title         = "{Adversarial training for b-tagging algorithms in CMS}",
      year          = "2022",
      url           = "https://cds.cern.ch/record/2839919",
      eprint        = "CMS-DP-2022-049",
}